% This file was created with JabRef 2.9.2.
% Encoding: Cp1254



@ARTICLE{Spink2001731,
  author = {A.J Spink and R.A.J Tegelenbosch and M.O.S Buma and L.P.J.J Noldus},
  title = {The EthoVision video tracking systematic tool for behavioral phenotyping of transgenic mice },
  journal = {Physiology \& Behavior },
  year = {2001},
  volume = {73},
  pages = {731 - 744},
  number = {5},
  note = {Molecular Behavior Genetics of the Mouse },
  doi = {http://dx.doi.org/10.1016/S0031-9384(01)00530-3},
  issn = {0031-9384},
  keywords = {Video tracking},
  url = {http://www.sciencedirect.com/science/article/pii/S0031938401005303}
}

@ARTICLE{Lind2005123,
  author = {Nanna M. Lind and Michael Vinther and Ralf P. Hemmingsen and Axel
	K. Hansen},
  title = {Validation of a digital video tracking system for recording pig locomotor behaviour },
  journal = {Journal of Neuroscience Methods },
  year = {2005},
  volume = {143},
  pages = {123 - 132},
  number = {2},
  doi = {http://dx.doi.org/10.1016/j.jneumeth.2004.09.019},
  issn = {0165-0270},
  keywords = {Apomorphine},
  url = {http://www.sciencedirect.com/science/article/pii/S0165027004003619}
}


@ARTICLE{Cangar200853,
  author = {Ö. Cangar and T. Leroy and M. Guarino and E. Vranken and R. Fallon and J. Lenehan and J. Mee and D. Berckmans},
  title = {Automatic real-time monitoring of locomotion and posture behaviour of pregnant cows prior to calving using online image analysis },
  journal = {Computers and Electronics in Agriculture },
  year = {2008},
  volume = {64},
  pages = {53 - 60},
  number = {1},
  note = {Smart Sensors in precision livestock farming },
  doi = {http://dx.doi.org/10.1016/j.compag.2008.05.014},
  issn = {0168-1699},
  keywords = {Computer vision},
  url = {http://www.sciencedirect.com/science/article/pii/S0168169908001373}
}

